<record><leader>01652cam a2200469 i 4500</leader><controlfield tag="001">6799091</controlfield><controlfield tag="003">OCoLC</controlfield><controlfield tag="005">20150122132324.0</controlfield><controlfield tag="008">130807s2015    caua     b    001 0 eng  </controlfield><datafield ind1=" " ind2=" " tag="010"><subfield code="a">  2013031345</subfield></datafield><datafield ind1=" " ind2=" " tag="015"><subfield code="a">GBB402566</subfield><subfield code="2">bnb</subfield></datafield><datafield ind1="7" ind2=" " tag="016"><subfield code="a">101633130</subfield><subfield code="2">DNLM</subfield></datafield><datafield ind1="7" ind2=" " tag="016"><subfield code="a">016597342</subfield><subfield code="2">Uk</subfield></datafield><datafield ind1=" " ind2=" " tag="020"><subfield code="a">9781412988124 (hardcover : alk. paper)</subfield></datafield><datafield ind1=" " ind2=" " tag="020"><subfield code="a">1412988128 (hardcover : alk. paper)</subfield></datafield><datafield ind1=" " ind2=" " tag="020"><subfield code="z">9781483301563 (web pdf)</subfield></datafield><datafield ind1=" " ind2=" " tag="020"><subfield code="z">1483301567 (web pdf)</subfield></datafield><datafield ind1=" " ind2=" " tag="020"><subfield code="z">9781483315355 (epub)</subfield></datafield><datafield ind1=" " ind2=" " tag="035"><subfield code="a">ocn855046048</subfield></datafield><datafield ind1=" " ind2=" " tag="040"><subfield code="a">DLC</subfield><subfield code="b">eng</subfield><subfield code="e">rda</subfield><subfield code="c">DLC</subfield><subfield code="d">BTCTA</subfield><subfield code="d">YDXCP</subfield><subfield code="d">CUX</subfield><subfield code="d">OCLCF</subfield><subfield code="d">NLM</subfield><subfield code="d">UKMGB</subfield><subfield code="d">UAB</subfield><subfield code="d">AEU</subfield></datafield><datafield ind1=" " ind2=" " tag="042"><subfield code="a">pcc</subfield></datafield><datafield ind1="0" ind2="0" tag="050"><subfield code="a">RC435</subfield><subfield code="b">.R39 2015</subfield></datafield><datafield ind1="0" ind2="0" tag="060"><subfield code="a">2014 F-985</subfield></datafield><datafield ind1="1" ind2="0" tag="060"><subfield code="a">WM 140</subfield></datafield><datafield ind1="0" ind2="0" tag="082"><subfield code="a">616.89</subfield><subfield code="2">23</subfield></datafield><datafield ind1=" " ind2=" " tag="090"><subfield code="a">RC 435 R39 2015</subfield><subfield code="b">AEU</subfield></datafield><datafield ind1="1" ind2=" " tag="100"><subfield code="a">Ray, William J.,</subfield><subfield code="d">1945-</subfield><subfield code="e">author.</subfield></datafield><datafield ind1="1" ind2="0" tag="245"><subfield code="a">Abnormal psychology :</subfield><subfield code="b">neuroscience perspectives on human behavior and experience /</subfield><subfield code="c">William J. Ray (Pennsylvania State University).</subfield></datafield><datafield ind1=" " ind2="1" tag="264"><subfield code="a">Los Angeles :</subfield><subfield code="b">SAGE,</subfield><subfield code="c">[2015]</subfield></datafield><datafield ind1=" " ind2=" " tag="300"><subfield code="a">xxix, 661 pages :</subfield><subfield code="b">illustrations (some color) ;</subfield><subfield code="c">29 cm</subfield></datafield><datafield ind1=" " ind2=" " tag="336"><subfield code="a">text</subfield><subfield code="2">rdacontent</subfield></datafield><datafield ind1=" " ind2=" " tag="337"><subfield code="a">unmediated</subfield><subfield code="2">rdamedia</subfield></datafield><datafield ind1=" " ind2=" " tag="338"><subfield code="a">volume</subfield><subfield code="2">rdacarrier</subfield></datafield><datafield ind1=" " ind2=" " tag="504"><subfield code="a">Includes bibliographical references (pages 609-636) and indexes.</subfield></datafield><datafield ind1=" " ind2=" " tag="596"><subfield code="a">42</subfield></datafield><datafield ind1=" " ind2="0" tag="650"><subfield code="a">Psychology, Pathological.</subfield></datafield><datafield ind1="1" ind2="2" tag="650"><subfield code="a">Mental Disorders.</subfield></datafield><datafield ind1="2" ind2="2" tag="650"><subfield code="a">Biological Evolution.</subfield></datafield><datafield ind1="2" ind2="2" tag="650"><subfield code="a">Neurosciences.</subfield></datafield><datafield ind1="2" ind2="2" tag="650"><subfield code="a">Psychopathology.</subfield></datafield><datafield ind1=" " ind2=" " tag="949"><subfield code="a">RC 435 R39 2015</subfield><subfield code="c">1</subfield><subfield code="h">UAHL-B</subfield><subfield code="i">0162035229549</subfield></datafield><datafield ind1=" " ind2=" " tag="926"><subfield code="a">RC 435 R39 2015</subfield><subfield code="w">LC</subfield><subfield code="c">1</subfield><subfield code="i">0162035229549</subfield><subfield code="d">4/21/2015</subfield><subfield code="e">4/6/2015</subfield><subfield code="l">ON_SHELF</subfield><subfield code="m">UAHLTHSC</subfield><subfield code="n">1</subfield><subfield code="p">$150.00</subfield><subfield code="r">Y</subfield><subfield code="s">Y</subfield><subfield code="t">BOOK</subfield><subfield code="u">2/4/2015</subfield></datafield></record>